<?xml version="1.0" encoding="UTF-8"?><record xmlns="http://www.loc.gov/MARC21/slim" xmlns:cinclude="http://apache.org/cocoon/include/1.0" xmlns:zs="http://www.loc.gov/zing/srw/">
  <leader>00373nz  a2200121n  4500</leader>
  <controlfield tag="001">nr 97032277 </controlfield>
  <controlfield tag="003">DLC</controlfield>
  <controlfield tag="005">19970916051435.7</controlfield>
  <controlfield tag="008">970912n| acannaab|          |n aaa     c</controlfield>
  <datafield tag="010" ind1=" " ind2=" ">
    <subfield code="a">nr 97032277 </subfield>
  </datafield>
  <datafield tag="040" ind1=" " ind2=" ">
    <subfield code="a">NjP</subfield>
    <subfield code="c">NjP</subfield>
  </datafield>
  <datafield tag="100" ind1="1" ind2="0">
    <subfield code="a">Rodes, Michel,</subfield>
    <subfield code="d">1947-</subfield>
  </datafield>
  <datafield tag="670" ind1=" " ind2=" ">
    <subfield code="a">Franz Schrader, 1844-1924, c1997:</subfield>
    <subfield code="b">t. 1, t.p. (Michel Rodes) cover flap (b. 1947; prof. of geog., LyceĚe d'Orthez)</subfield>
  </datafield>
</record>